@inproceedings{spark1,
 author = {Zaharia, Matei and Chowdhury, Mosharaf and Franklin, Michael J. and Shenker, Scott and Stoica, Ion},
 title = {{Spark: Cluster Computing with Working Sets}},
 booktitle = {Proceedings of the 2Nd USENIX Conference on Hot Topics in Cloud Computing},
 series = {HotCloud'10},
 year = {2010},
 location = {Boston, MA},
 pages = {10--10},
 numpages = {1},
 url = {http://dl.acm.org/citation.cfm?id=1863103.1863113},
 acmid = {1863113},
 publisher = {USENIX Association},
 address = {Berkeley, CA, USA},
} 

@Misc{sparkarchi,
  title={{Distributed Systems Architecture: Spark Architecture}},
  howpublished={\url{http://0x0fff.com/spark-architecture/}}
}

@Misc{yarn,
  title={{YARN - Yet Another Resource Negotiator}},
  howpublished={\url{http://hadoop.apache.org/docs/current/hadoop-yarn/hadoop-yarn-site/YARN.html}}
}

@MISC{hdfs,
  title={{HDFS - Hadoop Distributed File System}},
  howpublished={\url{http://hadoop.apache.org/docs/current/hadoop-project-dist/hadoop-hdfs/HdfsDesign.html}}
}

@MISC{nersc-spark,
  title={{Spark Distributed Analytics Framework at NERSC}},
  howpublished={\url{https://www.nersc.gov/users/data-analytics/data-analytics/spark-distributed-analytic-framework}}
}
  

@book{VA1,
  added-at = {2011-03-09T14:33:32.000+0100},
  author = {Thomas, James J. and Cook, Kristin A.},
  biburl = {http://www.bibsonomy.org/bibtex/288fe2fa85768616de829a3b8dd842403/pejowart},
  citeulike-article-id = {3014009},
  citeulike-linkout-0 = {http://www.amazon.com/exec/obidos/redirect?tag=citeulike07-20\&path=ASIN/0769523234},
  citeulike-linkout-1 = {http://www.worldcat.org/isbn/0769523234},
  citeulike-linkout-2 = {http://books.google.com/books?vid=ISBN0769523234},
  citeulike-linkout-3 = {http://www.amazon.com/gp/search?keywords=0769523234\&index=books\&linkCode=qs},
  citeulike-linkout-4 = {http://www.librarything.com/isbn/0769523234},
  description = {Illuminating the Path: The Research and Development Agenda for Visual Analytics},
  groups = {public},
  howpublished = {Paperback},
  interhash = {c0946d9bc221d6f5deecac551b48f4f4},
  intrahash = {88fe2fa85768616de829a3b8dd842403},
  isbn = {0769523234},
  keywords = {data discursion interaction reasoning security visualanalytics visualization},
  posted-at = {2009-01-29 18:47:02},
  priority = {2},
  publisher = {National Visualization and Analytics Ctr},
  timestamp = {2011-03-09T14:33:32.000+0100},
  title = {Illuminating the Path: The Research and Development Agenda for Visual Analytics},
  url = {http://www.amazon.com/exec/obidos/redirect?tag=citeulike07-20\&path=ASIN/0769523234},
  username = {pejowart},
  year = 2005
}

@inproceedings{pdacs1,
 author = {Chard, Ryan and Sehrish, Saba and Rodriguez, Alex and Madduri, Ravi and Uram, Thomas D. and Paterno, Marc and Heitmann, Katrin and Cholia, Shreyas and Kowalkowski, Jim and Habib, Salman},
 title = {{PDACS: A Portal for Data Analysis Services for Cosmological Simulations}},
 booktitle = {Proceedings of the 9th Gateway Computing Environments Workshop},
 series = {GCE '14},
 year = {2014},
 isbn = {978-1-4799-7030-8},
 location = {New Orleans, Louisiana},
 pages = {30--33},
 numpages = {4},
 url = {http://dx.doi.org/10.1109/GCE.2014.7},
 doi = {10.1109/GCE.2014.7},
 acmid = {2690895},
 publisher = {IEEE Press},
 address = {Piscataway, NJ, USA},
} 

@article{pdacs2,
  author    = {Ravi K. Madduri and
               Alex Rodriguez and
               Thomas D. Uram and
               Katrin Heitmann and
               Tanu Malik and
               Saba Sehrish and
               Ryan Chard and
               Shreyas Cholia and
               Marc F. Paterno and
               Jim Kowalkowski and
               Salman Habib},
  title     = {{PDACS:} {A} Portal for Data Analysis Services for Cosmological Simulations},
  journal   = {Computing in Science and Engineering},
  volume    = {17},
  number    = {5},
  pages     = {18--26},
  year      = {2015},
  url       = {http://doi.ieeecomputersociety.org/10.1109/MCSE.2015.87},
  doi       = {10.1109/MCSE.2015.87},
  timestamp = {Mon, 24 Aug 2015 01:00:00 +0200},
  biburl    = {http://dblp.uni-trier.de/rec/bib/journals/cse/MadduriRUHMSCCP15},
  bibsource = {dblp computer science bibliography, http://dblp.org}
}

@Misc{datamodels,
   author = {Jim Kowalkowski and Marc Paterno},
   title = {A Survey of Data Models},
   howpublished = {\url{https://cdcvs.fnal.gov/redmine/attachments/6468/edm_survey.pdf}},
   month = {June},
   year = 2004}
   
   @inproceedings{mr-sci1, 
 author = {Ekanayake, Jaliya and Pallickara, Shrideep and Fox, Geoffrey},
 title = {MapReduce for Data Intensive Scientific Analyses},
 booktitle = {Proceedings of the 2008 Fourth IEEE International Conference on eScience},
 series = {ESCIENCE '08},
 year = {2008},
 isbn = {978-0-7695-3535-7},
 pages = {277--284},
 numpages = {8},
 url = {http://dx.doi.org/10.1109/eScience.2008.59},
 doi = {10.1109/eScience.2008.59},
 acmid = {1488926},
 publisher = {IEEE Computer Society},
 address = {Washington, DC, USA},
 keywords = {MapReduce, Message passing, Parallel processing, Scientific Data Analysis},
} 

@InProceedings{mr-hep,
	author=		{Fabian Glaser and Helmut Neukirchen and Thomas Rings and Jens Grabowski},
	title=		{{Using MapReduce for High Energy Physics Data Analysis}},
	year=		2013,
	month=		dec,
	keywords=	{MapReduce, Hadoop, Input format, ROOT, PROOF, High Energy Physics, Cloud computing},
	booktitle=	{
Proceedings of the 2013 International Symposium on MapReduce and Big Data Infrastructure (MR.BDI 2013), 03-05 December 2013, Sydney, Australia 2013
}
}

@inproceedings{mrap,
 author = {Sehrish, Saba and Mackey, Grant and Wang, Jun and Bent, John},
 title = {MRAP: A Novel MapReduce-based Framework to Support HPC Analytics Applications with Access Patterns},
 booktitle = {Proceedings of the 19th ACM International Symposium on High Performance Distributed Computing},
 series = {HPDC '10},
 year = {2010},
 isbn = {978-1-60558-942-8},
 location = {Chicago, Illinois},
 pages = {107--118},
 numpages = {12},
 url = {http://doi.acm.org/10.1145/1851476.1851490},
 doi = {10.1145/1851476.1851490},
 acmid = {1851490},
 publisher = {ACM},
 address = {New York, NY, USA},
 keywords = {HPC analytics applications, HPC data access patterns, I/O performance of HPC applications, MapReduce, large-scale data processing systems},
} 

@inproceedings{scihadoop,
 author = {Buck, Joe B. and Watkins, Noah and LeFevre, Jeff and Ioannidou, Kleoni and Maltzahn, Carlos and Polyzotis, Neoklis and Brandt, Scott},
 title = {SciHadoop: Array-based Query Processing in Hadoop},
 booktitle = {Proceedings of 2011 International Conference for High Performance Computing, Networking, Storage and Analysis},
 series = {SC '11},
 year = {2011},
 isbn = {978-1-4503-0771-0},
 location = {Seattle, Washington},
 pages = {66:1--66:11},
 articleno = {66},
 numpages = {11},
 url = {http://doi.acm.org/10.1145/2063384.2063473},
 doi = {10.1145/2063384.2063473},
 acmid = {2063473},
 publisher = {ACM},
 address = {New York, NY, USA},
 keywords = {data intensive, map reduce, query optimization, scientific file-formats},
} 

@misc{neo4j,
title = {neo4j.},
howpublished={\url{http://www.neo4j.org}}
}

@misc{ref1,
title = {Big Data and Scientific Discovery.},
howpublished={\url{http://www.exascale.org/bdec/sites/www.exascale.org.bdec/files/talk4-Harrod.pdf}}
}

@misc{lhcgrid,
title = {{Worlwide LHC Computing Grid}},
howpublished={\url{http://wlcg.web.cern.ch}}
}
@misc{hllhc,
title = {{HL-LHC: High Luminosity Large Hadron Collider}},
howpublished={\url{http://hilumilhc.web.cern.ch}}
}

@misc{lhcmira, 
title = {Simulation of LHC events on a million threads},
howpublished={{https://indico.cern.ch/event/304944/session/8/contribution/536/attachments/578853/797048/TaylorChilders.MillionThreads.v3.pdf}}
}

@misc{store4,
title = {4store.},
howpublished={\url{http://www.4store.org}}
}


@misc{paraview,
title = {{ParaView.}},
howpublished={\url{http://www.paraview.org}}
}

@misc{vtkdm,
title = {{VTK Data Model.}},
howpublished={\url{http://www.vtk.org/data-model/}}
}

@misc{larsoft,
title = {{The Liquid Argon Software (LArSoft) project.}},
howpublished={\url{https://cdcvs.fnal.gov/redmine/projects/larsoft}}
}

@misc{tmva,
title = {{Toolkit for Multivariate Analysis (TMVA).}},
key = {{Toolkit for Multivariate Analysis (TMVA).}},
howpublished={\url{http://tmva.sourceforge.net}}
}

@misc{rootweb,
title = {{ROOT Data Analysis Framework.}},
key = {{ROOT.}},
howpublished={\url{http://root.cern.ch}}
}

@misc{lariat,
title = {{LArIAT: Liquid Argon TPC in a Test beam.}},
key = {{lariat.}},
howpublished={\url{http://lariat.fnal.gov}}
}
@misc{pbdr,
title = {Programming Big Data with R.},
howpublished={\url{http://r-pbd.org}}
}

@misc{couchdb,
title = {couchDb.},
howpublished={\url{http://couchdb.apache.org}}
}

@misc{storm,
title = {Storm.},
howpublished={\url{http://storm.incubator.apache.org}}
}

@misc{cassandra,
title = {The Apache Cassandra database.},
howpublished={\url{http://cassandra.apache.org}}
}

@misc{hadoop,
title = {Hadoop.},
key = {Hadoop.},
howpublished={\url{http://hadoop.apache.org}}
}

@misc{doe1,
key = {Synergistic Challenges in Data-Intensive Science and Exascale Computing},
title = {Synergistic Challenges in Data-Intensive Science and Exascale Computing},
howpublished={\url{http://science.energy.gov/~/media/40749FD92B58438594256267425C4AD1.ashx}}
}

@misc{hepascr,
title = {{Scientific Computation Application Partnerships in High Energy Physics.}},
key = {Hepascr.},
howpublished={\url{http://www.scidac.gov/hep/hep.html}}
}



@misc{pandora,
key = {Multi-algorithm pattern recognition},
title = {Multi-algorithm pattern recognition},
howpublished={\url{https://github.com/PandoraPFA/}}
}


@misc{sparkexa,
key = {{Exascale HPC Needs An Application Innovation Spark}},
title = {{Exascale HPC Needs An Application Innovation Spark}},
howpublished={\url{http://www.theplatform.net/2015/09/29/exascale-hpc-needs-an-application-innovation-spark/}}
}


@book{graphdb,
  title={Graph Databases},
  author={Robinson, I. and Webber, J. and Eifrem, E.},
  isbn={9781449356262},
  howpublished={\url{http://books.google.com/books?id=RTvAmQEACAAJ}},
  year={2013},
  publisher={O'Reilly Media, Incorporated}
}

@inproceedings{mackey2009improving,
  title={{Improving metadata management for small files in HDFS}},
  author={Mackey, Grant and Sehrish, Saba and Wang, Jun},
  booktitle={Cluster Computing and Workshops, 2009. CLUSTER'09. IEEE International Conference on},
  pages={1--4},
  year={2009},
  organization={IEEE}
}

@inproceedings{mackey2008introducing,
  title={{Introducing MapReduce to high end computing}},
  author={Mackey, Grant and Sehrish, Saba and Bent, John and Lopez, Julio and Habib, Salman and Wang, Jun},
  booktitle={Petascale Data Storage Workshop, 2008. PDSW'08. 3rd},
  pages={1--6},
  year={2008},
  organization={IEEE}
}

@inproceedings{sehrish2010mrap,
  title={{MRAP: A Novel MapReduce-based Framework to support HPC Analytics Applications with Access Patterns}},
  author={Sehrish, Saba and Mackey, Grant and Wang, Jun and Bent, John},
  booktitle={Proceedings of the 19th ACM International Symposium on High Performance Distributed Computing},
  pages={107--118},
  year={2010},
  organization={ACM}
}

@incollection{sehrish2009conflict,
  title={{Conflict detection algorithm to minimize locking for MPI-IO Atomicity}},
  author={Sehrish, Saba and Wang, Jun and Thakur, Rajeev},
  booktitle={Recent Advances in Parallel Virtual Machine and Message Passing Interface},
  pages={143--153},
  year={2009},
  publisher={Springer Berlin Heidelberg}
}


@incollection{jin2011improving,
  title={{Improving the average response time in collective I/O}},
  author={Jin, Chen and Sehrish, Saba and Liao, Wei-keng and Choudhary, Alok and Schuchardt, Karen},
  booktitle={Recent Advances in the Message Passing Interface},
  pages={71--80},
  year={2011},
  publisher={Springer Berlin Heidelberg}
}

@inproceedings{sehrish2009smart,
  title={{Smart read/write for MPI-IO}},
  author={Sehrish, Saba and Wang, Jun},
  booktitle={Parallel \& Distributed Processing, 2009. IPDPS 2009. IEEE International Symposium on},
  pages={1--8},
  year={2009},
  organization={IEEE}
}

@inproceedings{sehrish2013improving,
  title={{Improving collective I/O performance by pipelining request aggregation and file access}},
  author={Sehrish, Saba and Son, Seung Woo and Liao, Wei-keng and Choudhary, Alok and Schuchardt, Karen},
  booktitle={Proceedings of the 20th European MPI Users' Group Meeting},
  pages={37--42},
  year={2013},
  organization={ACM}
}

@article{sehrish2013supporting,
  title={{Supporting HPC Analytics Applications with Access Patterns Using Data Restructuring and Data-Centric Scheduling Techniques in MapReduce}},
  author={Sehrish, Saba and Mackey, Grant and Shang, Pengju and Wang, Jun and Bent, John},
  journal={Parallel and Distributed Systems, IEEE Transactions on},
  volume={24},
  number={1},
  pages={158--169},
  year={2013},
  publisher={IEEE}
}

@article{Wu:SciDAC09:2009,
  author = {K. Wu and S. Ahern and E. W. Bethel and J. Chen and
                  H. Childs and E. Cormier-Michel and C. G. R. Geddes
                  and J. Gu and H. Hagen and B. Hamann and W. Koegler
                  and J. Laurent and J. Meredith and P. Messmer and
                  E. Otoo and V. Perevoztchikov and A. Poskanzer and
                  Prabhat and O. R\"{u}bel and A. Shoshani and A. Sim
                  and K. Stockinger and G. Weber and W.-M. Zhang},
  title = {{FastBit: Interactively Searching Massive Data}},
  journal = {Journal of Physics Conference Series, Proceedings of SciDAC
                  2009},
  volume = {180},
  pages = {012053},
  month = {June},
  year = {2009},
  note = {LBNL-2164E},
}

@article{root,
      author        = "Antcheva, I and Ballintijn, M and Bellenot, B and Biskup,
                       M and Brun, R and Buncic, N and Canal, Ph and Casadei, D
                       and Couet, O and Fine, V and Franco, L and Ganis, G and
                       Gheata, A and Gonzalez Maline, D and Goto, M and
                       Iwaszkiewicz, J and Kreshuk, A and Marcos Segura, D and
                       Maunder, R and Moneta, L and Naumann, A and Offermann, E
                       and Onuchin, V and Panacek, S and Rademakers, F and Russo,
                       P and Tadel, M",
      title         = "{{ROOT - A C++ framework for petabyte data storage,
                       statistical analysis and visualization}}",
      journal       = "Comput. Phys. Commun.",
      number        = "6",
      volume        = "182",
      pages         = "1384-1385",
      year          = "2011",
}

@article{HEPadvana,
      author        = "Bhat, P C",
      title         = "{{Advanced Analysis Methods in High Energy Physics}}",
      journal       = "AIP Conf.Proc.",
      number        = {hep-ex/0106099. FERMILAB-CONF-2001-287},
      volume        = "583",
      pages         = "22-30. 9 p",
      year          = "2001",
      reportNumber  = {hep-ex/0106099},
      url           = "https://cds.cern.ch/record/506586",
      note          = {Comments: 9 pages, 5 figures, To be published in the
                       Proceedings of the VII International Workshop on Advanced
                       Computing and Analysis Techniques in Physics Research,
                       Fermilab, Oct. 16-20, 2000 (American Institute of Physics,
                       NY, 2001) edited by P.C. Bhat and M. Kasemann},
}

@incollection{deeplearninghiggs,
title = {{Searching for Higgs Boson Decay Modes with Deep Learning}},
author = {Sadowski, Peter J and Whiteson, Daniel and Baldi, Pierre},
booktitle = {Advances in Neural Information Processing Systems 27},
editor = {Z. Ghahramani and M. Welling and C. Cortes and N.D. Lawrence and K.Q. Weinberger},
pages = {2393--2401},
year = {2014},
publisher = {Curran Associates, Inc.},
url = {http://papers.nips.cc/paper/5351-searching-for-higgs-boson-decay-modes-with-deep-learning.pdf}
}

@article{deeplearninghep,
      author         = "Baldi, Pierre and Sadowski, Peter and Whiteson, Daniel",
      title          = "{Searching for Exotic Particles in High-Energy Physics
                        with Deep Learning}",
      journal        = "Nature Commun.",
      volume         = "5",
      year           = "2014",
      pages          = "4308",
      doi            = "10.1038/ncomms5308",
      eprint         = "1402.4735",
      archivePrefix  = "arXiv",
      primaryClass   = "hep-ph",
      SLACcitation   = "%%CITATION = ARXIV:1402.4735;%%"
}

@article{lartpc1,
      author         = "Palamara, O.",
      title          = "{{Neutrino Detection in the ArgoNeuT LAr TPC}}",
      booktitle      = "{Proceedings, 13th International Workshop on Neutrino
                        Factories, Superbeams and Beta beams (NuFact11)}",
      collaboration  = "ArgoNeuT",
      year           = "2011",
      doi            = "10.1088/1742-6596/408/1/012039",
      note           = "[J. Phys. Conf. Ser.408,012039(2013)]",
      eprint         = "1110.3070",
      archivePrefix  = "arXiv",
      primaryClass   = "hep-ex",
      reportNumber   = "FERMILAB-CONF-11-559-E",
      SLACcitation   = "%%CITATION = ARXIV:1110.3070;%%"
}

@article{exabig,
 author = {Reed, Daniel A. and Dongarra, Jack},
 title = {Exascale Computing and Big Data},
 journal = {Communications of the ACM},
 issue_date = {July 2015},
 volume = {58},
 number = {7},
 month = jun,
 year = {2015},
 issn = {0001-0782},
 pages = {56--68},
 numpages = {13},
 url = {http://doi.acm.org/10.1145/2699414},
 doi = {10.1145/2699414},
 acmid = {2699414},
 publisher = {ACM},
 address = {New York, NY, USA},
}

@book{noauthororeditorfourth,
  abstract = {Increasingly, scientific breakthroughs will be powered by advanced computing capabilities that help researchers manipulate and explore massive datasets.

The speed at which any given scientific discipline advances will depend on how well its researchers collaborate with one another, and with technologists, in areas of eScience such as databases, workflow management, visualization, and cloud computing technologies.

In The Fourth Paradigm: Data-Intensive Scientific Discovery, the collection of essays expands on the vision of pioneering computer scientist Jim Gray for a new, fourth paradigm of discovery based on data-intensive science and offers insights into how it can be fully realized.},
  added-at = {2010-02-16T09:54:37.000+0100},
  address = {Redmond, Washington},
  biburl = {http://www.bibsonomy.org/bibtex/28b203c0313656b6ced70c14c86a4c42a/acka47},
  editor = {Hey, Tony and Tansley, Stewart and Tolle, Kristin},
  interhash = {296450016ca8a5f8ab16ae4d92d1fc15},
  intrahash = {8b203c0313656b6ced70c14c86a4c42a},
  keywords = {research scholarly_communication science},
  publisher = {Microsoft Research},
  timestamp = {2010-02-16T09:54:54.000+0100},
  title = {The Fourth Paradigm: Data-Intensive Scientific Discovery},
  url = {http://research.microsoft.com/en-us/collaboration/fourthparadigm/},
  year = 2009
}

@article{higgsboson1,
      author         = "Chatrchyan, Serguei and others",
      title          = "{Observation of a new boson at a mass of 125 GeV with the
                        CMS experiment at the LHC}",
      collaboration  = "CMS",
      journal        = "Phys. Lett.",
      volume         = "B716",
      year           = "2012",
      pages          = "30-61",
      doi            = "10.1016/j.physletb.2012.08.021",
      eprint         = "1207.7235",
      archivePrefix  = "arXiv",
      primaryClass   = "hep-ex",
      reportNumber   = "CMS-HIG-12-028, CERN-PH-EP-2012-220",
}

